<record><leader>00000cas a22000007a 4500</leader><controlfield tag="001">4164297</controlfield><controlfield tag="008">780824d19661968txuwr ne      0    0eng d</controlfield><controlfield tag="009">618</controlfield><datafield ind1=" " ind2=" " tag="010"><subfield code="a">sn 86089202 </subfield></datafield><datafield ind1=" " ind2=" " tag="040"><subfield code="a">TXG</subfield><subfield code="b">eng</subfield><subfield code="c">TXG</subfield><subfield code="d">PPM</subfield><subfield code="d">DLC</subfield><subfield code="d">OCL</subfield><subfield code="d">PPM</subfield><subfield code="d">OCLCQ</subfield></datafield><datafield ind1=" " ind2=" " tag="019"><subfield code="a">4164460</subfield></datafield><datafield ind1="1" ind2=" " tag="029"><subfield code="a">AU@</subfield><subfield code="b">000020424158</subfield></datafield><datafield ind1=" " ind2=" " tag="042"><subfield code="a">msc</subfield></datafield><datafield ind1="0" ind2=" " tag="130"><subfield code="a">Advertiser (Austin, Tex. : 1966)</subfield></datafield><datafield ind1="0" ind2="4" tag="245"><subfield code="a">The Advertiser.</subfield></datafield><datafield ind1="3" ind2="0" tag="246"><subfield code="a">Citizen advertiser</subfield></datafield><datafield ind1=" " ind2=" " tag="260"><subfield code="a">Austin, Tex. :</subfield><subfield code="b">Young Gentlemen's Excelsior Coffee Colloquium,</subfield><subfield code="c">1966-1968.</subfield></datafield><datafield ind1=" " ind2=" " tag="300"><subfield code="a">2 v. :</subfield><subfield code="b">ill. ;</subfield><subfield code="c">29-43 cm.</subfield></datafield><datafield ind1=" " ind2=" " tag="310"><subfield code="a">Weekly</subfield></datafield><datafield ind1="0" ind2=" " tag="362"><subfield code="a">Vol. 1, no. 1 (Oct. 5, 1966)- v. 2, no. 41 (July 25, l968).</subfield></datafield><datafield ind1=" " ind2=" " tag="500"><subfield code="a">Published in 1967 as: The Citizen advertiser.</subfield></datafield><datafield ind1=" " ind2=" " tag="752"><subfield code="a">United States</subfield><subfield code="b">Texas</subfield><subfield code="c">Travis</subfield><subfield code="d">Austin.</subfield></datafield><datafield ind1="0" ind2=" " tag="775"><subfield code="t">Citizen (Kyle, Tex.)</subfield><subfield code="w">(DLC)sn 88083500</subfield></datafield><datafield ind1="0" ind2=" " tag="775"><subfield code="t">Citizen advertiser (San Marcos, Tex.)</subfield><subfield code="w">(DLC)sn 88083500</subfield></datafield></record>